{"btc_usd":[{"type":"bid","price":28786.25877642,"amount":0.0029788,"tid":205396781,"timestamp":1684396181},{"type":"bid","price":28786.2,"amount":0.00041883,"tid":205396780,"timestamp":1684396018},{"type":"bid","price":28708.44678266,"amount":0.00029949,"tid":205396779,"timestamp":1684395720},{"type":"ask","price":28708.44678266,"amount":0.00010006,"tid":205396778,"timestamp":1684393796},{"type":"ask","price":28708.44678266,"amount":0.00014652,"tid":205396777,"timestamp":1684393773},{"type":"ask","price":28786.25877642,"amount":0.0000212,"tid":205396776,"timestamp":1684380838},{"type":"ask","price":28786.25877642,"amount":0.00050892,"tid":205396775,"timestamp":1684374820},{"type":"ask","price":28786.25877642,"amount":0.00131,"tid":205396774,"timestamp":1684373556},{"type":"ask","price":28786.25877642,"amount":0.00157244,"tid":205396773,"timestamp":1684371635},{"type":"ask","price":28786.25877642,"amount":0.00011736,"tid":205396772,"timestamp":1684369369},{"type":"ask","price":28786.25877642,"amount":0.00068065,"tid":205396771,"timestamp":1684366996},{"type":"bid","price":28868.99358658,"amount":0.0001,"tid":205396770,"timestamp":1684365812},{"type":"bid","price":28800,"amount":0.00000531,"tid":205396769,"timestamp":1684365786},{"type":"bid","price":28800,"amount":0.000112,"tid":205396768,"timestamp":1684365640},{"type":"bid","price":28786.25877632,"amount":0.00006593,"tid":205396767,"timestamp":1684365585},{"type":"bid","price":28786.25877632,"amount":0.00014,"tid":205396766,"timestamp":1684365428},{"type":"bid","price":28700,"amount":0.00011736,"tid":205396765,"timestamp":1684364993},{"type":"bid","price":28699.9,"amount":0.00025,"tid":205396764,"timestamp":1684364770},{"type":"bid","price":28600,"amount":0.00006709,"tid":205396763,"timestamp":1684362902},{"type":"bid","price":28600,"amount":0.00015954,"tid":205396762,"timestamp":1684362898},{"type":"bid","price":28600,"amount":0.00016638,"tid":205396761,"timestamp":1684362891},{"type":"bid","price":28600,"amount":0.00032796,"tid":205396760,"timestamp":1684362889},{"type":"bid","price":28600,"amount":0.00029871,"tid":205396759,"timestamp":1684362884},{"type":"bid","price":28600,"amount":0.00031922,"tid":205396758,"timestamp":1684362881},{"type":"bid","price":28600,"amount":0.00013987,"tid":205396757,"timestamp":1684362878},{"type":"bid","price":28600,"amount":0.00031662,"tid":205396756,"timestamp":1684362875},{"type":"ask","price":28424.6,"amount":0.00020893,"tid":205396755,"timestamp":1684352233},{"type":"bid","price":28600,"amount":0.0001174,"tid":205396754,"timestamp":1684351008},{"type":"bid","price":28500,"amount":0.00011747,"tid":205396753,"timestamp":1684350907},{"type":"bid","price":28400.2999,"amount":0.02575222,"tid":205396752,"timestamp":1684350715},{"type":"bid","price":28400.2999,"amount":0.00035,"tid":205396751,"timestamp":1684350707},{"type":"bid","price":28397.5,"amount":0.00018908,"tid":205396750,"timestamp":1684350703},{"type":"bid","price":28397.49999999,"amount":0.00017236,"tid":205396749,"timestamp":1684350703},{"type":"bid","price":28397.49999999,"amount":0.00017161,"tid":205396748,"timestamp":1684350703},{"type":"bid","price":28397.39999998,"amount":0.00017029,"tid":205396747,"timestamp":1684350703},{"type":"bid","price":28397.39974723,"amount":0.00017253,"tid":205396746,"timestamp":1684350703},{"type":"bid","price":28397.19999999,"amount":0.00065716,"tid":205396745,"timestamp":1684350703},{"type":"bid","price":28397.19999999,"amount":0.00647137,"tid":205396744,"timestamp":1684350703},{"type":"bid","price":28397.19999999,"amount":0.00035,"tid":205396743,"timestamp":1684350694},{"type":"bid","price":28397.19999999,"amount":0.00023629,"tid":205396742,"timestamp":1684350648},{"type":"bid","price":28397,"amount":0.00011371,"tid":205396741,"timestamp":1684350648},{"type":"bid","price":28397.19999999,"amount":0.00044909,"tid":205396740,"timestamp":1684346255},{"type":"bid","price":28397.19999999,"amount":0.00035,"tid":205396739,"timestamp":1684345961},{"type":"bid","price":28397.19999999,"amount":0.00065864,"tid":205396738,"timestamp":1684345887},{"type":"bid","price":28397,"amount":0.0006,"tid":205396737,"timestamp":1684345887},{"type":"bid","price":28396.99999999,"amount":0.00131201,"tid":205396736,"timestamp":1684345887},{"type":"ask","price":28150.2,"amount":0.00020497,"tid":205396735,"timestamp":1684343518},{"type":"ask","price":27500.2,"amount":0.0000955,"tid":205396734,"timestamp":1684338473},{"type":"ask","price":28208.45564492,"amount":0.00010081,"tid":205396733,"timestamp":1684338473},{"type":"bid","price":28398.9999,"amount":0.00734157,"tid":205396732,"timestamp":1684331607},{"type":"bid","price":28398.9999,"amount":0.00021095,"tid":205396731,"timestamp":1684331606},{"type":"bid","price":28398.9999,"amount":0.00190496,"tid":205396730,"timestamp":1684331605},{"type":"bid","price":28398.9999,"amount":0.0073376,"tid":205396729,"timestamp":1684331602},{"type":"bid","price":28096.00000002,"amount":0.00000089,"tid":205396728,"timestamp":1684331602},{"type":"bid","price":28096.00000002,"amount":0.0004431,"tid":205396727,"timestamp":1684331559},{"type":"bid","price":28096.00000002,"amount":0.00024239,"tid":205396726,"timestamp":1684331502},{"type":"ask","price":28096.00000002,"amount":0.00004698,"tid":205396725,"timestamp":1684331500},{"type":"bid","price":28400.5999,"amount":0.00035161,"tid":205396724,"timestamp":1684330355},{"type":"bid","price":28400.5999,"amount":0.00024589,"tid":205396723,"timestamp":1684330353},{"type":"bid","price":28434.3999,"amount":0.00093087,"tid":205396722,"timestamp":1684329262},{"type":"ask","price":28096.00000002,"amount":0.000129,"tid":205396721,"timestamp":1684322345},{"type":"bid","price":28499.0999,"amount":0.00012281,"tid":205396720,"timestamp":1684317548},{"type":"bid","price":28499.2999,"amount":0.00029825,"tid":205396719,"timestamp":1684317436},{"type":"bid","price":28499.9983,"amount":0.02484744,"tid":205396718,"timestamp":1684317026},{"type":"ask","price":28499.99829,"amount":0.01356852,"tid":205396717,"timestamp":1684317007},{"type":"ask","price":28499.99829,"amount":0.01591125,"tid":205396716,"timestamp":1684317006},{"type":"bid","price":28399.39999,"amount":0.016367,"tid":205396715,"timestamp":1684317006},{"type":"bid","price":28499.99829,"amount":0.01606558,"tid":205396714,"timestamp":1684317006},{"type":"bid","price":28499.99828,"amount":0.01566543,"tid":205396713,"timestamp":1684317006},{"type":"bid","price":28399.79999998,"amount":0.00017481,"tid":205396712,"timestamp":1684317006},{"type":"bid","price":28399.4,"amount":0.00362148,"tid":205396711,"timestamp":1684317006},{"type":"bid","price":28399.4,"amount":0.0006,"tid":205396710,"timestamp":1684317005},{"type":"bid","price":28399.59998,"amount":0.00019,"tid":205396709,"timestamp":1684316862},{"type":"bid","price":28499.99968,"amount":0.00105219,"tid":205396708,"timestamp":1684316617},{"type":"bid","price":28400,"amount":0.00011751,"tid":205396707,"timestamp":1684316617},{"type":"ask","price":27401.01,"amount":0.09364464,"tid":205396706,"timestamp":1684316522},{"type":"ask","price":27500,"amount":0.00011751,"tid":205396705,"timestamp":1684316522},{"type":"ask","price":27600,"amount":0.00011747,"tid":205396704,"timestamp":1684316522},{"type":"ask","price":27700,"amount":0.0001174,"tid":205396703,"timestamp":1684316522},{"type":"ask","price":27750,"amount":0.0015,"tid":205396702,"timestamp":1684316522},{"type":"ask","price":27800,"amount":0.00011736,"tid":205396701,"timestamp":1684316522},{"type":"ask","price":27900,"amount":0.00017921,"tid":205396700,"timestamp":1684316522},{"type":"ask","price":27900,"amount":0.00011731,"tid":205396699,"timestamp":1684316522},{"type":"ask","price":28000.59993999,"amount":0.00347192,"tid":205396698,"timestamp":1684316522},{"type":"ask","price":28000.59994999,"amount":0.00936718,"tid":205396697,"timestamp":1684316522},{"type":"ask","price":28036,"amount":0.00035,"tid":205396696,"timestamp":1684316522},{"type":"ask","price":28036.1,"amount":0.0006,"tid":205396695,"timestamp":1684316522},{"type":"ask","price":28000.60071,"amount":0.00030333,"tid":205396694,"timestamp":1684316108},{"type":"ask","price":28073,"amount":0.00011371,"tid":205396693,"timestamp":1684316108},{"type":"ask","price":28090.9,"amount":0.0006,"tid":205396692,"timestamp":1684316108},{"type":"ask","price":28090.90001,"amount":0.01092011,"tid":205396691,"timestamp":1684316108},{"type":"ask","price":28097.4,"amount":0.00035,"tid":205396690,"timestamp":1684316108},{"type":"ask","price":28097.40004002,"amount":0.00171285,"tid":205396689,"timestamp":1684316108},{"type":"bid","price":28546.39946999,"amount":0.0001,"tid":205396688,"timestamp":1684316021},{"type":"bid","price":28546.49939,"amount":0.000139,"tid":205396687,"timestamp":1684315892},{"type":"bid","price":28547.59988999,"amount":0.0006915,"tid":205396686,"timestamp":1684315240},{"type":"ask","price":28087.4,"amount":0.00010123,"tid":205396685,"timestamp":1684314000},{"type":"ask","price":28073.2,"amount":0.00010123,"tid":205396684,"timestamp":1684312605},{"type":"bid","price":28598.09999998,"amount":0.00038515,"tid":205396683,"timestamp":1684305475},{"type":"bid","price":28672.19999,"amount":0.00014264,"tid":205396682,"timestamp":1684303899},{"type":"ask","price":28250.2,"amount":0.00194296,"tid":205396681,"timestamp":1684302927},{"type":"ask","price":28250.2,"amount":0.00021631,"tid":205396680,"timestamp":1684302927},{"type":"bid","price":28594.29999,"amount":0.00683794,"tid":205396679,"timestamp":1684289473},{"type":"bid","price":28594.29999999,"amount":0.00032881,"tid":205396678,"timestamp":1684289469},{"type":"bid","price":28597.2,"amount":0.0003238,"tid":205396677,"timestamp":1684287531},{"type":"bid","price":28597.29994,"amount":0.00449395,"tid":205396676,"timestamp":1684287527},{"type":"bid","price":28606.79985,"amount":0.00050195,"tid":205396675,"timestamp":1684282113},{"type":"bid","price":28606.7,"amount":0.0006,"tid":205396674,"timestamp":1684282113},{"type":"ask","price":28587.24178049,"amount":0.00027463,"tid":205396673,"timestamp":1684274255},{"type":"ask","price":28586.89873772,"amount":0.00012251,"tid":205396672,"timestamp":1684272007},{"type":"bid","price":28621.69989,"amount":0.00066531,"tid":205396671,"timestamp":1684271765},{"type":"bid","price":28621.69989,"amount":0.00054412,"tid":205396670,"timestamp":1684271764},{"type":"ask","price":28095.5001,"amount":0.05349385,"tid":205396669,"timestamp":1684261053},{"type":"ask","price":28095.50012,"amount":0.01592946,"tid":205396668,"timestamp":1684261052},{"type":"ask","price":28095.50012,"amount":0.00356869,"tid":205396667,"timestamp":1684261052},{"type":"ask","price":28095.6,"amount":0.0006,"tid":205396666,"timestamp":1684261052},{"type":"ask","price":28105.80001,"amount":0.00726772,"tid":205396665,"timestamp":1684258610},{"type":"ask","price":28105.80001,"amount":0.01573228,"tid":205396664,"timestamp":1684258610},{"type":"bid","price":28105.8,"amount":0.00215,"tid":205396663,"timestamp":1684258586},{"type":"ask","price":28105.8,"amount":0.00035,"tid":205396662,"timestamp":1684258586},{"type":"ask","price":28651.23639979,"amount":0.00004841,"tid":205396661,"timestamp":1684258489},{"type":"bid","price":28680.8,"amount":0.0001884,"tid":205396660,"timestamp":1684256867},{"type":"bid","price":28681.39969,"amount":0.00013778,"tid":205396659,"timestamp":1684255906},{"type":"bid","price":28681.6996,"amount":0.000128,"tid":205396658,"timestamp":1684255570},{"type":"ask","price":28651.23639979,"amount":0.00049426,"tid":205396657,"timestamp":1684248307},{"type":"ask","price":28651.2363998,"amount":0.00066752,"tid":205396656,"timestamp":1684248306},{"type":"ask","price":28651.2363998,"amount":0.00126036,"tid":205396655,"timestamp":1684248295},{"type":"ask","price":28651.2363998,"amount":0.00149606,"tid":205396654,"timestamp":1684248284},{"type":"ask","price":28651.2363998,"amount":0.00149606,"tid":205396653,"timestamp":1684248273},{"type":"bid","price":28673.2998,"amount":0.00052762,"tid":205396652,"timestamp":1684248246},{"type":"bid","price":28693.7,"amount":0.00055903,"tid":205396651,"timestamp":1684245763},{"type":"bid","price":28773.49989,"amount":0.00016951,"tid":205396650,"timestamp":1684242666},{"type":"bid","price":28172.00011001,"amount":0.00001193,"tid":205396649,"timestamp":1684241830},{"type":"bid","price":28172.00011001,"amount":0.00028623,"tid":205396648,"timestamp":1684241829},{"type":"ask","price":28172.00011001,"amount":0.00017989,"tid":205396647,"timestamp":1684241827},{"type":"bid","price":28755.9999,"amount":0.00019578,"tid":205396646,"timestamp":1684240449},{"type":"bid","price":28807.6999,"amount":0.00034712,"tid":205396645,"timestamp":1684239586},{"type":"bid","price":28807.6999,"amount":0.05331153,"tid":205396644,"timestamp":1684239568},{"type":"bid","price":28807.69989,"amount":0.01536427,"tid":205396643,"timestamp":1684239568},{"type":"bid","price":28807.69989,"amount":0.01545748,"tid":205396642,"timestamp":1684239568},{"type":"bid","price":28807.69989,"amount":0.00099498,"tid":205396641,"timestamp":1684239568},{"type":"bid","price":28807.69989,"amount":0.0006,"tid":205396640,"timestamp":1684239568},{"type":"ask","price":28807.69989,"amount":0.00066921,"tid":205396639,"timestamp":1684239561},{"type":"ask","price":28807.69989,"amount":0.00148937,"tid":205396638,"timestamp":1684239558},{"type":"bid","price":28807.69989,"amount":0.01548645,"tid":205396637,"timestamp":1684239554},{"type":"ask","price":28185.5,"amount":0.0002281,"tid":205396636,"timestamp":1684239486},{"type":"ask","price":27900.0001,"amount":0.01129966,"tid":205396635,"timestamp":1684239275},{"type":"ask","price":28401.09670987,"amount":0.0005546,"tid":205396634,"timestamp":1684239275},{"type":"ask","price":28401.10930987,"amount":0.01546763,"tid":205396633,"timestamp":1684239275},{"type":"ask","price":28401.10931987,"amount":0.01552612,"tid":205396632,"timestamp":1684239275},{"type":"ask","price":28486.20017,"amount":0.02561141,"tid":205396631,"timestamp":1684239275},{"type":"ask","price":28486.20232,"amount":0.01604134,"tid":205396630,"timestamp":1684239275},{"type":"ask","price":28486.20233,"amount":0.01569924,"tid":205396629,"timestamp":1684239275},{"type":"ask","price":28486.3,"amount":0.0006,"tid":205396628,"timestamp":1684239275},{"type":"ask","price":28486.20227,"amount":0.0134,"tid":205396627,"timestamp":1684239160},{"type":"ask","price":28486.3,"amount":0.0006,"tid":205396626,"timestamp":1684239159},{"type":"bid","price":28809.2,"amount":0.00045,"tid":205396625,"timestamp":1684238405},{"type":"ask","price":28489.2,"amount":0.00045,"tid":205396624,"timestamp":1684237773}]}